@online{latex_template,
	title        = {VUB LaTeX huisstijl},
	author       = {De Smet, Ruben},
	year         = 2020,
	url          = {https://gitlab.com/rubdos/texlive-vub},
	urldate      = {2020-11-02},
	note         = {GitHub commit: d91f55799abd390a7dac92492f894b9b5fea2f47}
}
@online{github_project,
	title        = {Assignment 1 of Software Architecture course},
	author       = {Bontinck, Lennert},
	year         = 2021,
	url          = {https://github.com/pikawika/VUB-SA-assignment-1},
	urldate      = {2021-01-14},
	note         = {GitHub commit: TODO}
}